@article{manolio17,
    author  = {Teri A. Manolio and Douglas M. Fowler and Lea M. Starita and Melissa A. Haendel and Daniel G. MacArthur and Leslie G. Biesecker  and Elizabeth Worthey and Rex L. Chisholm and Eric D. Green and Howard J. Jacob and Howard L. McLeod and Dan Roden and Laura Lyman Rodriguez and Marc S. Williams and Gregory M. Cooper and Nancy J. Cox and Gail E. Herman and Stephen Kingsmore and Cecilia Lo and Cathleen Lutz and Calum A. MacRae and Robert L. Nussbaum and Jose M. Ordovas and Erin M. Ramos and Peter N. Robinson and Wendy S. Rubinstein and Christine Seidman and Barbara E. Stranger and Haoyi Wang and Monte Westerfield and Carol Bult},
    title   = "Bedside Back to Bench: Building Bridges between Basic and Clinical Genomic Research",
    year    = "2017",
    journal = "Cell",
    volume  = "169",
    number  = "1",
    pages   = "6--12"
}
@article{karczewski17,
    author  = "Konrad J. Karczewski and Ben Weisburd and Brett Thomas and Matthew Solomonson and Douglas M. Ruderfer and David Kavanagh and Tymor Hamamsy and Monkol Lek and Kaitlin E. Samocha and Beryl B. Cummings and Daniel Birnbaum and The Exome Aggregation Consortium and Mark J. Daly and Daniel G. MacArthur",
    title   = "The ExAC browser: displaying reference data information from over 60 000 exomes",
    year    = "2017",
    journal = "Nucleic Acids Research",
    volume  = "45",
    number  = "D1",
    pages   = "D840--D845"
}
@article{landrum14,
    author  = "Melissa J. Landrum and Jennifer M. Lee and George R. Riley and Wonhee Jang and Wendy S. Rubinstein and Deanna M. Church and Donna R. Maglott",
    title   = "ClinVar: public archive of relationships among sequence variation and human phenotype",
    year    = "2014",
    journal = "Nucleic Acids Research",
    volume  = "42",
    number  = "D1",
    pages   = "D980--D985"
}
@article{rehm15,
    author  = "Heidi L. Rehm and Jonathan S. Berg and Lisa D. Brooks and Carlos D. Bustamante and James P. Evans and Melissa J. Landrum and David H. Ledbetter and Donna R. Maglott and Christa Lese Martin and Robert L. Nussbaum and  Sharon E. Plon and Erin M. Ramos and Stephen T. Sherry and Michael S. Watson and ClinGen",
    title   = "ClinGen--the Clinical Genome Resource",
    year    = "2015",
    journal = "The New England Journal of Medecine",
    volume  = "372",
    number  = "23",
    pages   = "2235--2242"
}
@article{bult18,
    author  = "Carol J. Bult and Judith A. Blake and Cynthia L. Smith and James A. Kadin and Joel E. Richardson",
    title   = "Mouse Genome Database (MGD) 2019",
    year    = "2018",
    journal = "Nucleic Acids Research",
    volume  = "47",
    number  = "D1",
    pages   = "D801--D806"
}
@article{keane11,
    author  = "Thomas M. Keane and Leo Goodstadt and Petr Danecek and Michael A. White and Kim Wong and Binnaz Yalcin and Andreas Heger and Avigail Agam and Guy Slater and Martin Goodson and Nicholas A. Furlotte and Eleazar Eskin and Christoffer Nellåker and Helen Whitley and James Cleak and Deborah Janowitz and Polinka Hernandez-Pliego and Andrew Edwards and T. Grant Belgard and Peter L. Oliver and Rebecca E. McIntyre and Amarjit Bhomra and Jérôme Nicod and Xiangchao Gan and Wei Yuan and Louise van der Weyden and Charles A. Steward and Sendu Bala and Jim Stalker and Richard Mott and Richard Durbin and Ian J. Jackson and Anne Czechanski and José Afonso Guerra-Assunção and Leah Rae Donahue and Laura G. Reinholdt and Bret A. Payseur and Chris P. Ponting and Ewan Birney and Jonathan Flint and David J. Adams",
    title   = "Mouse genomic variation and its effect on phenotypes and gene regulation",
    year    = "2011",
    journal = "Nature",
    volume  = "477",
    pages   = "289--294"
}
@article{mckenna10,
    author  = "Aaron McKenna and Matthew Hanna and Eric Banks and Andrey Sivachenko and Kristian Cibulskis and Andrew Kernytsky and Kiran Garimella and David Altshuler and Stacey Gabriel and Mark Daly and Mark A. DePristo",
    title   = "The Genome Analysis Toolkit: A MapReduce framework for analyzing next-generation DNA sequencing data",
    year    = "2010",
    journal = "Genome Research",
    volume  = "20",
    number  = "9",
    pages   = "1297--1303"
}
@article{mclaren15,
    author  = "William McLaren and Laurent Gil and Sarah E. Hunt and Harpreet Singh Riat and Graham R. S. Ritchie and Anja Thormann and Paul Flicek and Fiona Cunningham",
    title   = "The Ensembl Variant Effect Predictor",
    year    = "2016",
    journal = "Genome Biology",
    volume  = "17",
    number  = "122"
}
@article{jäger14,
    author  = "Marten Jäger and Kai Wang and Sebastian Bauer and Damian Smedley and Peter Krawitz and Peter N. Robinson",
    title   = "Jannovar: a java library for exome annotation",
    year    = "2014",
    journal = "Human Mutation",
    volume  = "35",
    issue  = "5",
    pages   = "548--555"
}
@article{ball23,
    author  = "Robyn L. Ball and Molly A. Bogue and Hongping Liang and Anuj Srivastava and David G. Ashbrook and Anna Lamoureux and Matthew W. Gerring and Alexander S. Hatoum and Matthew Kim, Hao He and Jake Emerson and Alexander K. Berger and David O. Walton, Keith Sheppard and Bah\'{a} El Kassaby and Francisco Castellanos, Govind Kunde-Ramamoorthy, Lu Lu, John Bluis, Sejal Desai and Beth A. Sundberg and Gary Peltz, Zhuoqing Fang and Gary A. Churchill and Robert W. Williams and Arpana Agrawal and Carol J. Bult and Vivek M. Philip and Elissa J. Chesler",
    title   = "GenomeMUSter mouse genetic variation service enables multi-trait, multi-population data integration and analyses",
    year    = "2023",
    journal = "BioRxiv",
    doi  = "https://doi.org/10.1101/2023.08.08.552506"
}
@misc{hgvs,
  title = {Sequence Variant Nomenclature},
  howpublished = {\url{https://varnomen.hgvs.org/}},
  note = {Accessed: 2023-10-12}
}
@misc{vcf,
  title = {Variant Call Format},
  howpublished = {\url{https://samtools.github.io/hts-specs/}},
  note = {Accessed: 2023-10-12}
}
@misc{mgp,
  title = {Mouse Genomes Project},
  howpublished = {\url{https://www.sanger.ac.uk/data/mouse-genomes-project/}},
  note = {Accessed: 2023-10-12}
}


